@inproceedings{iupac_biradical,
  title={Compiling bilingual lexicon entries from a non-parallel English-Chinese corpus},
  author={Fung, Pascale},
  booktitle={Third Workshop on Very Large Corpora},
  year={1995}
}
@article{giannozzi2017advanced,
  title={Advanced capabilities for materials modelling with Quantum ESPRESSO},
  author={Giannozzi, Paolo and Andreussi, Oliviero and Brumme, Thomas and Bunau, Oana and Nardelli, M Buongiorno and Calandra, Matteo and Car, Roberto and Cavazzoni, Carlo and Ceresoli, Davide and Cococcioni, Matteo and others},
  journal={Journal of Physics: Condensed Matter},
  volume={29},
  number={46},
  pages={465901},
  year={2017},
  publisher={IOP Publishing}
}
@Article{Woodward1964,
  author    = {R. B. Woodward and Tadamichi. Fukunaga and Robert C. Kelly},
  title     = {Triquinacene},
  journal   = {Journal of the American Chemical Society},
  year      = {1964},
  volume    = {86},
  number    = {15},
  pages     = {3162--3164},
  month     = {aug},
  doi       = {10.1021/ja01069a046},
  publisher = {American Chemical Society ({ACS})},
}
@Article{Meijere1999,
  author    = {Armin de Meijere and Peter R. Schreiner and Franz-Manfred Sch√ºngel and Fabian Gerson and Pascal Merstetter},
  title     = {The radical anion of acepentalene},
  journal   = {Chemical Communications},
  year      = {1999},
  number    = {21},
  pages     = {2189--2190},
  doi       = {10.1039/a906972k},
  publisher = {Royal Society of Chemistry ({RSC})},
}
@Article{Kuck1984,
  author    = {Dietmar Kuck},
  title     = {A Facile Route to Benzoannelated Centrotriquinanes},
  journal   = {Angewandte Chemie International Edition in English},
  year      = {1984},
  volume    = {23},
  number    = {7},
  pages     = {508--509},
  month     = {jul},
  doi       = {10.1002/anie.198405081},
  publisher = {Wiley},
}
@Article{Kuck1992,
  author    = {Dietmar Kuck and Thomas Lindenthal and Andreas Schuster},
  title     = {Benzoanellated centropolyquinanes, 11. Synthesis of tribenzotriquinacene and somecentro-substituted derivatives},
  journal   = {Chemische Berichte},
  year      = {1992},
  volume    = {125},
  number    = {6},
  pages     = {1449--1460},
  month     = {jun},
  doi       = {10.1002/cber.19921250623},
  publisher = {Wiley},
}
@Article{Haag1995,
  author    = {Rainer Haag and Bjoerk Ohlhorst and Matthias Noltemeyer and Roland Fleischer and Dietmar Stalke and Andreas Schuster and Dietmar Kuck and Armin de Meijere},
  title     = {Tribenzacepentalene Dianion and 4,7-Disubstituted Tribenzodihydroacepentalene Derivatives: Formation, Reactions, and Structural Properties of Potential Tribenzacepentalene Precursors},
  journal   = {Journal of the American Chemical Society},
  year      = {1995},
  volume    = {117},
  number    = {42},
  pages     = {10474--10485},
  month     = {oct},
  doi       = {10.1021/ja00147a009},
  publisher = {American Chemical Society ({ACS})},
}
@Article{Gutman1977,
  author    = {Ivan Gutman and Milorad Milun and Nenad Trinajstic},
  title     = {Graph theory and molecular orbitals. 19. Nonparametric resonance energies of arbitrary conjugated systems},
  journal   = {Journal of the American Chemical Society},
  year      = {1977},
  volume    = {99},
  number    = {6},
  pages     = {1692--1704},
  month     = {mar},
  doi       = {10.1021/ja00448a002},
  publisher = {American Chemical Society ({ACS})},
}
@Article{Brandenburg2013,
  author    = {Jan Gerit Brandenburg and Stefan Grimme and Peter G. Jones and Georgios Markopoulos and Henning Hopf and Micha{\l} K. Cyranski and Dietmar Kuck},
  title     = {Unidirectional Molecular Stacking of Tribenzotriquinacenes in the Solid State: A Combined X-ray and Theoretical Study},
  journal   = {Chemistry - A European Journal},
  year      = {2013},
  volume    = {19},
  number    = {30},
  pages     = {9930--9938},
  month     = {jun},
  doi       = {10.1002/chem.201300761},
  publisher = {Wiley},
}
@Article{Zeng2019,
  author    = {Li Zeng and Yingxiang Cai and Zhihao Xiang and Yu Zhang and Xuechun Xu},
  title     = {A new metallic $\uppi$-conjugated carbon sheet used for the cathode of Li{\textendash}S batteries},
  journal   = {{RSC} Advances},
  year      = {2019},
  volume    = {9},
  number    = {1},
  pages     = {92--98},
  doi       = {10.1039/c8ra07074a},
  publisher = {Royal Society of Chemistry ({RSC})},
}
@Article{Zhu2015,
  author    = {Lei Zhu and Qingzhong Xue and Xiaofang Li and Yakang Jin and Haixia Zheng and Tiantian Wu and Qikai Guo},
  title     = {Theoretical Prediction of Hydrogen Separation Performance of Two-Dimensional Carbon Network of Fused Pentagon},
  journal   = {{ACS} Applied Materials {\&} Interfaces},
  year      = {2015},
  volume    = {7},
  number    = {51},
  pages     = {28502--28507},
  month     = {dec},
  doi       = {10.1021/acsami.5b09648},
  publisher = {American Chemical Society ({ACS})},
}
@article{Bernard_2012,
	author = {Bernard, Yves A. and Shao, Yihan and Krylov, Anna I.},
	doi = {10.1063/1.4714499},
	issn = {1089-7690},
	journal = {The Journal of Chemical Physics},
	month = {May},
	number = {20},
	pages = {204103},
	publisher = {AIP Publishing},
	title = {General formulation of spin-flip time-dependent density functional theory using non-collinear kernels: Theory, implementation, and benchmarks},
	url = {http://dx.doi.org/10.1063/1.4714499},
	volume = {136},
	x-fetchedfrom = {DOI},
	year = {2012}
}

@article{Brandenburg_2013,
	author = {Brandenburg, Jan Gerit and Grimme, Stefan and Jones, Peter G. and Markopoulos, Georgios and Hopf, Henning and Cyranski, Micha{\l} K. and Kuck, Dietmar},
	doi = {10.1002/chem.201300761},
	issn = {0947-6539},
	journal = {Chemistry - A European Journal},
	month = {Jun},
	number = {30},
	pages = {9930--9938},
	publisher = {Wiley},
	title = {Unidirectional Molecular Stacking of Tribenzotriquinacenes in the Solid State: A Combined X-ray and Theoretical Study},
	url = {http://dx.doi.org/10.1002/chem.201300761},
	volume = {19},
	x-fetchedfrom = {DOI},
	year = {2013}
}

@article{Oddershede_2004,
    author = {Oddershede, Jette and Larsen, Sine},
    title = {Charge Density Study of Naphthalene Based on X-ray Diffraction Data at Four Different Temperatures and Theoretical Calculations},
    journal = {The Journal of Physical Chemistry A},
    volume = {108},
    number = {6},
    pages = {1057-1063},
    year = {2004},
    doi = {10.1021/jp036186g},
    URL = { 
        https://doi.org/10.1021/jp036186g
    },
    eprint = { 
        https://doi.org/10.1021/jp036186g
    }
}